<record><leader>00000cas a22000007a 4500</leader><controlfield tag="001">18931938</controlfield><controlfield tag="008">881221c19699999mouwr ne      0    0eng d</controlfield><datafield ind1=" " ind2=" " tag="010"><subfield code="a">sn 88068041 </subfield></datafield><datafield ind1=" " ind2=" " tag="040"><subfield code="a">MQN</subfield><subfield code="b">eng</subfield><subfield code="c">MQN</subfield><subfield code="d">OCLCQ</subfield><subfield code="d">MXM</subfield><subfield code="d">OCLCQ</subfield><subfield code="d">OCLCF</subfield></datafield><datafield ind1=" " ind2=" " tag="043"><subfield code="a">n-us-mo</subfield></datafield><datafield ind1="0" ind2=" " tag="130"><subfield code="a">Boone County journal (Ashland, Mo.)</subfield></datafield><datafield ind1="1" ind2="4" tag="245"><subfield code="a">The Boone County journal.</subfield></datafield><datafield ind1="3" ind2="0" tag="246"><subfield code="a">Boone County top-journal</subfield></datafield><datafield ind1=" " ind2=" " tag="260"><subfield code="a">Ashland, Mo. :</subfield><subfield code="b">D.G. Fishel,</subfield><subfield code="c">1969-</subfield></datafield><datafield ind1=" " ind2=" " tag="300"><subfield code="a">v.</subfield></datafield><datafield ind1=" " ind2=" " tag="310"><subfield code="a">Weekly</subfield></datafield><datafield ind1="0" ind2=" " tag="362"><subfield code="a">Vol. 1, no. 1 (Feb. 12, 1969)-</subfield></datafield><datafield ind1=" " ind2=" " tag="580"><subfield code="a">Merged in Sept. 1973 with: Hallsville top, to form: Boone County top-journal, which continued the numbering of the Boone County journal. Both papers resumed separate publication in May 1974, with each returning to its individual title and numbering.</subfield></datafield><datafield ind1=" " ind2="0" tag="651"><subfield code="a">Ashland (Mo.)</subfield><subfield code="v">Newspapers.</subfield></datafield><datafield ind1=" " ind2="0" tag="651"><subfield code="a">Boone County (Mo.)</subfield><subfield code="v">Newspapers.</subfield></datafield><datafield ind1=" " ind2="7" tag="655"><subfield code="a">Newspapers.</subfield><subfield code="2">fast</subfield><subfield code="0">(OCoLC)fst01423814</subfield></datafield><datafield ind1=" " ind2="7" tag="651"><subfield code="a">Missouri</subfield><subfield code="z">Ashland.</subfield><subfield code="2">fast</subfield><subfield code="0">(OCoLC)fst01878971</subfield></datafield><datafield ind1=" " ind2="7" tag="651"><subfield code="a">Missouri</subfield><subfield code="z">Boone County.</subfield><subfield code="2">fast</subfield><subfield code="0">(OCoLC)fst01215953</subfield></datafield><datafield ind1=" " ind2=" " tag="752"><subfield code="a">United States</subfield><subfield code="b">Missouri</subfield><subfield code="c">Boone</subfield><subfield code="d">Ashland.</subfield></datafield><datafield ind1=" " ind2=" " tag="752"><subfield code="a">United States</subfield><subfield code="b">Missouri</subfield><subfield code="c">Boone</subfield><subfield code="d">Hallsville.</subfield></datafield><datafield ind1="1" ind2=" " tag="787"><subfield code="t">Hallsville top</subfield><subfield code="w">(DLC)sn 88068039</subfield></datafield></record>